<record><leader>00000cas a22000007a 4500</leader><controlfield tag="001">17955043</controlfield><controlfield tag="008">880514d18831886nduwr ne      0    0eng d</controlfield><datafield ind1=" " ind2=" " tag="010"><subfield code="a">sn 88076186 </subfield></datafield><datafield ind1=" " ind2=" " tag="040"><subfield code="a">NOP</subfield><subfield code="b">eng</subfield><subfield code="c">NOP</subfield><subfield code="d">OCLCQ</subfield></datafield><datafield ind1=" " ind2=" " tag="042"><subfield code="a">msc</subfield></datafield><datafield ind1="0" ind2=" " tag="130"><subfield code="a">Hudson herald (Hudson, N.D.)</subfield></datafield><datafield ind1="1" ind2="0" tag="245"><subfield code="a">Hudson herald.</subfield></datafield><datafield ind1=" " ind2=" " tag="260"><subfield code="a">Hudson, Dickey County, D.T. [i.e. N.D.] :</subfield><subfield code="b">R.H. Busteed</subfield></datafield><datafield ind1=" " ind2=" " tag="300"><subfield code="a">v. :</subfield><subfield code="b">ill. ;</subfield><subfield code="c">55 cm.</subfield></datafield><datafield ind1=" " ind2=" " tag="310"><subfield code="a">Weekly</subfield></datafield><datafield ind1="0" ind2=" " tag="362"><subfield code="a">Vol. 1, no. 1 (Dec. 14, 1883)-</subfield></datafield><datafield ind1="1" ind2=" " tag="362"><subfield code="a">Ceased Sept. 24, 1886.</subfield></datafield><datafield ind1=" " ind2=" " tag="530"><subfield code="a">Available on microfilm from the State Historical Society of North Dakota.</subfield></datafield><datafield ind1=" " ind2=" " tag="752"><subfield code="a">United States</subfield><subfield code="b">North Dakota</subfield><subfield code="c">Dickey</subfield><subfield code="d">Hudson.</subfield></datafield><datafield ind1="0" ind2="0" tag="785"><subfield code="t">Oakes herald</subfield></datafield></record>